@book{sommerville2011software,
  title     = {Software Engineering, 9/E},
  author    = {Sommerville, Ian},
  year      = {2011},
  publisher = {Pearson Education India}
}