@inproceedings{volk2020towards,
  title     = {Towards a Decision Support System for Big Data Projects.},
  author    = {Volk, Matthias and Staegemann, Daniel and Bosse, Sascha and Nahhas, Abdulrahman and Turowski, Klaus and Gronau, N and Heine, M and Poustcchi, K and Krasnova, H},
  booktitle = {Wirtschaftsinformatik (Zentrale Tracks)},
  pages     = {357--368},
  year      = {2020}
}

@book{sommerville2011software,
  title     = {Software Engineering, 9/E},
  author    = {Sommerville, Ian},
  year      = {2011},
  publisher = {Pearson Education India}
}